<?xml version="1.0" encoding="UTF-8"?><record xmlns="http://www.loc.gov/MARC21/slim" xmlns:cinclude="http://apache.org/cocoon/include/1.0" xmlns:zs="http://www.loc.gov/zing/srw/">
  <leader>00428nz  a2200121n  4500</leader>
  <controlfield tag="001">n  96072646 </controlfield>
  <controlfield tag="003">DLC</controlfield>
  <controlfield tag="005">19960726080636.2</controlfield>
  <controlfield tag="008">960726n| acannaab|          |n aaa |||  </controlfield>
  <datafield tag="010" ind1=" " ind2=" ">
    <subfield code="a">n  96072646 </subfield>
  </datafield>
  <datafield tag="040" ind1=" " ind2=" ">
    <subfield code="a">DLC</subfield>
    <subfield code="c">DLC</subfield>
  </datafield>
  <datafield tag="100" ind1="1" ind2="0">
    <subfield code="a">Crosby, Allyn J.,</subfield>
    <subfield code="d">1874-1955</subfield>
  </datafield>
  <datafield tag="670" ind1=" " ind2=" ">
    <subfield code="a">NUCMC data from Library of Congress Manuscript Division for His Papers, 1794-1940</subfield>
    <subfield code="b">(Crosby, Allyn J., 1874-1955; historian; interested in the U.S.F. Constellation)</subfield>
  </datafield>
</record>